<collection xmlns="http://www.loc.gov/MARC21/slim">
<record>
  <leader>00904nam0a22001931i 450 </leader>
  <controlfield tag="001">IT\ICCU\CNCE\080139</controlfield>
  <controlfield tag="005">20191008000000.0</controlfield>
  <datafield tag="012" ind1=" " ind2=" ">
    <subfield code="a">o,o, e,e, o,o, mapu (C) 1600 (Q)</subfield>
    <subfield code="2">fei</subfield>
  </datafield>
  <datafield tag="100" ind1=" " ind2=" ">
    <subfield code="a">20191008f1600        0itac0103    ba</subfield>
  </datafield>
  <datafield tag="101" ind1=" " ind2=" ">
    <subfield code="a">ITA</subfield>
  </datafield>
  <datafield tag="102" ind1=" " ind2=" ">
    <subfield code="a">IT</subfield>
  </datafield>
  <datafield tag="200" ind1="1" ind2=" ">
    <subfield code="a">Olimpia D&apos;Amore. Opera nella quele si contiene diuerse serenate, capitoli, sonetti, madrigali, &amp; partenze. Tutte cose da giouani amanti, &amp; fanciulle oneste</subfield>
  </datafield>
  <datafield tag="210" ind1=" " ind2=" ">
    <subfield code="d">\non dopo il 1600!</subfield>
  </datafield>
  <datafield tag="215" ind1=" " ind2=" ">
    <subfield code="a">\32! c.</subfield>
    <subfield code="d">8ʻ</subfield>
  </datafield>
  <datafield tag="300" ind1=" " ind2=" ">
    <subfield code="a">Per l&apos;autore, Caio Baldassarre Olimpo Alessandri, il probabile luogo di stampa, Venezia, e la data, cfr.: Online-Katalog der Herzog-August-Bibliothek Wolfenbttel</subfield>
  </datafield>
  <datafield tag="700" ind1=" " ind2="1">
    <subfield code="a">Alessandri,</subfield>
    <subfield code="b">Caio Baldassarre Olimpo</subfield>
    <subfield code="3">IT\ICCU\CNCA\000586</subfield>
  </datafield>
  <datafield tag="712" ind1="0" ind2="2">
    <subfield code="a">s.n.</subfield>
    <subfield code="3">IT\ICCU\CNCT\000002</subfield>
    <subfield code="4">650</subfield>
  </datafield>
  <datafield tag="790" ind1=" " ind2="0">
    <subfield code="a">Olimpo</subfield>
    <subfield code="c"> : da#Sassoferrato</subfield>
    <subfield code="3">IT\ICCU\CNCA\012294</subfield>
    <subfield code="z">Alessandri, Caio Baldassarre Olimpo</subfield>
  </datafield>
  <datafield tag="801" ind1=" " ind2="3">
    <subfield code="a">IT</subfield>
    <subfield code="b">ICCU</subfield>
    <subfield code="c">20201115</subfield>
  </datafield>
</record>
</collection>
